@software{juan_cruz_martinez_2020_3630340,
  author       = {Juan Cruz-Martinez and
                  Roy Stegeman and
                  Stefano Carrazza},
  title        = {{N3PDF/evolutionary\_keras: First release of 
                   evolutionary\_keras}},
  month        = jan,
  year         = 2020,
  publisher    = {Zenodo},
  version      = {v1.0.0},
  doi          = {10.5281/zenodo.3630418},
  url          = {https://doi.org/10.5281/zenodo.3630418}
}